<?xml version="1.0" encoding="UTF-8"?><record xmlns="http://www.loc.gov/MARC21/slim" xmlns:cinclude="http://apache.org/cocoon/include/1.0" xmlns:zs="http://www.loc.gov/zing/srw/">
  <leader>00764nz  a2200145n  4500</leader>
  <controlfield tag="001">no2012107138</controlfield>
  <controlfield tag="003">DLC</controlfield>
  <controlfield tag="005">20120811084337.0</controlfield>
  <controlfield tag="008">120809n| acannaabn          |n ana     c</controlfield>
  <datafield tag="010" ind1=" " ind2=" ">
    <subfield code="a">no2012107138</subfield>
  </datafield>
  <datafield tag="035" ind1=" " ind2=" ">
    <subfield code="a">(OCoLC)oca09271823</subfield>
  </datafield>
  <datafield tag="040" ind1=" " ind2=" ">
    <subfield code="a">PCarlMH</subfield>
    <subfield code="b">eng</subfield>
    <subfield code="c">PCarlMH</subfield>
  </datafield>
  <datafield tag="110" ind1="2" ind2=" ">
    <subfield code="a">Supreme Commander for the Allied Powers.</subfield>
    <subfield code="b">Civil Affairs Section</subfield>
  </datafield>
  <datafield tag="670" ind1=" " ind2=" ">
    <subfield code="a">Out in front all the way:</subfield>
    <subfield code="b">p. 120 (Civil Affairs Section of SCAP (Supreme Command Allied Powers))</subfield>
  </datafield>
  <datafield tag="670" ind1=" " ind2=" ">
    <subfield code="a">NARA website, Aug. 3, 2012:</subfield>
    <subfield code="b">Records of Allied operational and occupation headquarters, World War II page  (records of the SCAP Civil Affairs Section; Civil Affairs Section included the Headquarters Division; the Administrative Division; Headquarters, Civil Affairs region; civil affairs field offices)</subfield>
  </datafield>
</record>